% Introduction

@article{coughlan2019pisa,
  title="{Pisa Tests: UK Rises in International School Rankings}",
  author={Coughlan, S},
  journal={BBC News},
  volume={3},
  year={2019},
  url = {https://www.bbc.com/news/education-50563833}
}

@article{sellar2013looking,
  title="{Looking East: Shanghai, PISA 2009 and the reconstitution of reference societies in the global education policy field}",
  author={Sellar, Sam and Lingard, Bob},
  journal={Comparative Education},
  volume={49},
  number={4},
  pages={464--485},
  year={2013},
  publisher={Taylor \& Francis},
  doi = {10.1080/03050068.2013.770943}
}

@article{araujo2017pisa,
  title="{Do PISA data justify PISA-based education policy?}",
  author={Araujo, Luisa and Saltelli, Andrea and Schnepf, Sylke V},
  journal={International Journal of Comparative Education and Development},
  year={2017},
  volume={19},
  number={1},
  pages={20--34},
  publisher={Emerald Publishing Limited},
  doi = {10.1108/IJCED-12-2016-0023}
}

@article{fernandez2016methodological,
  title="{A methodological critique of the PISA evaluations}",
  author={Fernandez-Cano, Antonio},
  journal={Relieve},
  volume={22},
  number={1},
  pages={1--16},
  year={2016},
  doi = {10.7203/relieve.22.1.8806}
}

@article{rutkowski2016call,
  title="{A call for a more measured approach to reporting and interpreting PISA results}",
  author={Rutkowski, Leslie and Rutkowski, David},
  journal={Educational Researcher},
  volume={45},
  number={4},
  pages={252--257},
  year={2016},
  publisher={SAGE Publications Sage CA: Los Angeles, CA},
  doi = {10.3102/0013189X16649961}
}

@article{ackerman1992didactic,
  title="{A didactic explanation of item bias, item impact, and item validity from a multidimensional perspective}",
  author={Ackerman, Terry A},
  journal={Journal of educational measurement},
  volume={29},
  number={1},
  pages={67--91},
  year={1992},
  publisher={Wiley Online Library},
  doi = {10.1111/j.1745-3984.1992.tb00368.x}
}

@incollection{kolen2014practical,
  title="{Practical issues in equating}",
  author={Kolen, Michael J and Brennan, Robert L},
  booktitle={Test Equating, Scaling, and Linking},
  pages={283--369},
  year={2014},
  publisher={Springer, New York}
}

@report{OECD2015,
  author      = {OECD},
  title       = "{PISA 2015 technical report}", 
  institution = {Paris: OECD Publishing},
  year        = {2017},
  url = {https://www.oecd.org/pisa/data/2015-technical-report/}
}

@report{OECD2012,
  author      = {OECD},
  title       = "{PISA 2012 technical report}", 
  institution = {Paris: OECD Publishing},
  year        = {2014},
  url = {https://www.oecd.org/pisa/pisaproducts/pisa2012technicalreport.htm}
}

@article{zwitser2017monitoring,
  title="{Monitoring countries in a changing world: A new look at DIF in international surveys}",
  author={Zwitser, Robert J and Glaser, S Sjoerd F and Maris, Gunter},
  journal={Psychometrika},
  volume={82},
  number={1},
  pages={210--232},
  year={2017},
  publisher={Springer},
  doi = {10.1007/s11336-016-9543-8}
}

@incollection{feskens2019differential,
  title="{Differential item functioning in PISA due to mode effects}",
  author={Feskens, Remco and Fox, Jean-Paul and Zwitser, Robert},
  booktitle={Theoretical and practical advances in computer-based educational measurement},
  pages={231--247},
  year={2019},
  publisher={Springer, Cham},
  doi = {10.1007/978-3-030-18480-3_12}
}

@article{zumbo2005matter,
  title="{A Matter of Test Bias in Educational Policy Research: Bringing the Context into Picture by Investigating Sociological/Community Moderated (or Mediated) Test and Item Bias}",
  author={Zumbo, Bruno D and Gelin, Michaela N},
  journal={Journal of Educational Research \& Policy Studies},
  volume={5},
  number={1},
  pages={1--23},
  year={2005},
  publisher={ERIC}
}

@article{liu2020investigating,
  title="{Investigating the performance of propensity score approaches for differential item functioning analysis}",
  author={Liu, Yan and Kim, Chanmin and Wu, Amrey D and Gustafson, Paul and Kroc, Edward and Zumbo, Bruno D},
  journal={Journal of Modern Applied Statistical Methods},
  volume={18},
  number={1},
  pages={18},
  year={2020},
  doi = {10.22237/jmasm/1556669280}
}

@article{arikan2018propensity,
  title="{Propensity Score Matching Helps to Understand Sources of DIF and Mathematics Performance Differences of Indonesian, Turkish, Australian, and Dutch Students in PISA.}",
  author={Arikan, Serkan and van de Vijver, Fons JR and Yagmur, Kutlay},
  journal={International Journal of Research in Education and Science},
  volume={4},
  number={1},
  pages={69--81},
  year={2018},
  publisher={ERIC},
  doi = {10.21890/ijres.382936}
}

@inproceedings{joldersma2010application,
  title="{Application of propensity models in DIF studies to compensate for unequal ability distributions}",
  author={Joldersma, Kevin and Bowen, Dan},
  booktitle={Annual Meeting of National Council on Measurement in Education, Denver, CO},
  year={2010}
}

@article{lee2014effect,
  title="{The effect of propensity scores on DIF analysis: Inference on the potential cause of DIF}",
  author={Lee, HyeSun and Geisinger, Kurt F},
  journal={International Journal of Testing},
  volume={14},
  number={4},
  pages={313--338},
  year={2014},
  publisher={Taylor \& Francis},
  doi = {10.1080/15305058.2014.922567}
}

@article{puhan2005evaluating,
  title="{Evaluating the comparability of paper-and-pencil and computerized versions of a large-scale certification test}",
  author={Puhan, Gautam and Boughton, Keith A and Kim, Sooyeon},
  journal={ETS Research Report Series},
  volume={2005},
  number={2},
  pages={i--15},
  year={2005},
  publisher={Wiley Online Library},
  doi = {10.1002/j.2333-8504.2005.tb01998.x}
}

@article{seo2015comparability,
  title="{Comparability of online-and paper-based tests in a statewide assessment program: using propensity score matching}",
  author={Seo, Dong Gi and De Jong, Gayle},
  journal={Journal of Educational Computing Research},
  volume={52},
  number={1},
  pages={88--113},
  year={2015},
  publisher={SAGE Publications Sage CA: Los Angeles, CA},
  doi = {10.1177/0735633114568856}
}

@article{wu2006using,
  title="{Using multiple-variable matching to identify cultural sources of differential item functioning}",
  author={Wu, Amery D and Ercikan, Kadriye},
  journal={International Journal of Testing},
  volume={6},
  number={3},
  pages={287--300},
  year={2006},
  publisher={Taylor \& Francis},
  doi = {10.1207/s15327574ijt0603_5}
}

% Theoretical Background

@article{joreskog1975estimation,
  title="{Estimation of a model with multiple indicators and multiple causes of a single latent variable}",
  author={J{\"o}reskog, Karl G and Goldberger, Arthur S},
  journal={journal of the American Statistical Association},
  volume={70},
  number={351a},
  pages={631--639},
  year={1975},
  publisher={Taylor \& Francis},
  doi = {10.2307/2285946}
}

@article{woods2009illustration,
  title="{Illustration of MIMIC-model DIF testing with the schedule for nonadaptive and adaptive personality}",
  author={Woods, Carol M and Oltmanns, Thomas F and Turkheimer, Eric},
  journal={Journal of psychopathology and behavioral assessment},
  volume={31},
  number={4},
  pages={320},
  year={2009},
  publisher={Springer},
  doi = {10.1007/s10862-008-9118-9}
}

@incollection{lee2018methodological,
  title="{Methodological issues in using structural equation models for testing differential item functioning}",
  author={Lee, Jaehoon and Little, Todd D and Preacher, Kristopher J},
  booktitle={Cross-Cultural Analysis},
  pages={65--94},
  year={2018},
  publisher={Routledge, London}
}

@inproceedings{bulut2017detecting,
  title="{Detecting multidimensional differential item functioning with the multiple indicators multiple causes model, the item response theory likelihood ratio test, and logistic regression}",
  author={Bulut, Okan and Suh, Youngsuk},
  booktitle={Frontiers in Education},
  volume={2},
  pages={51},
  year={2017},
  organization={Frontiers},
  doi = {10.3389/feduc.2017.00051}
}

@article{rosenbaum1983central,
  title="{The central role of the propensity score in observational studies for causal effects}",
  author={Rosenbaum, Paul R and Rubin, Donald B},
  journal={Biometrika},
  volume={70},
  number={1},
  pages={41--55},
  year={1983},
  publisher={Oxford University Press, Oxford},
  doi = {10.1093/biomet/70.1.41}
}

@article{stuart2010matching,
  title="{Matching methods for causal inference: A review and a look forward}",
  author={Stuart, Elizabeth A},
  journal={Statistical science: a review journal of the Institute of Mathematical Statistics},
  volume={25},
  number={1},
  pages={1},
  year={2010},
  publisher={NIH Public Access},
  doi = {10.1214/09-STS313}
}

@article{liu2016investigating,
  title="{Investigating causal DIF via propensity score methods}",
  author={Liu, Yan and Zumbo, Bruno and Gustafson, Paul and Huang, Yi and Kroc, Edward and Wu, A},
  journal={Practical Assessment, Research, and Evaluation},
  volume={21},
  number={1},
  pages={13},
  year={2016},
  doi = {10.7275/ewqz-n963}
}

@article{gu1993comparison,
  title="{Comparison of multivariate matching methods: Structures, distances, and algorithms}",
  author={Gu, Xing Sam and Rosenbaum, Paul R},
  journal={Journal of Computational and Graphical Statistics},
  volume={2},
  number={4},
  pages={405--420},
  year={1993},
  publisher={Taylor \& Francis},
  doi = {10.2307/1390693}
}

@article{chen2020propensity,
  title="{A propensity score method for investigating differential item functioning in performance assessment}",
  author={Chen, Michelle Y and Liu, Yan and Zumbo, Bruno D},
  journal={Educational and psychological measurement},
  volume={80},
  number={3},
  pages={476--498},
  year={2020},
  publisher={SAGE Publications Sage CA: Los Angeles, CA},
  doi = {10.1177/0013164419878861}
}

% Method

@book{PISA2018assessment,
   author = "OECD",
   title = "PISA 2018 Assessment and Analytical Framework",
   year = "2019",
   pages = 308,
   doi = {10.1787/b25efab8-e}
}

@report{OECD2018,
  author      = {OECD},
  title       = "{PISA 2018 technical report}", 
  institution = {Unpublished.},
  url = {https://www.oecd.org/pisa/data/pisa2018technicalreport/}
}

@software{spss,
  author = {{IBM Corp.}},
  title = "{IBM SPSS Statistics for Windows}",
  url = {https://hadoop.apache.org},
  version = {27.0},
  address = {Armonk, NY: IBM Corp},
  date = {2020},
}

@Manual{Rstudio2020, 
  title = "{RStudio: Integrated Development Environment for R}", 
  author = {{RStudio Team}}, 
  organization = {RStudio, PBC.}, 
  address = {Boston, MA}, 
  year = {2020}, 
  url = {http://www.rstudio.com/}
}

@Article{lavaan2012,
  title = {{lavaan}: An {R} Package for Structural Equation Modeling},
  author = {Yves Rosseel},
  journal = {Journal of Statistical Software},
  year = {2012},
  volume = {48},
  number = {2},
  pages = {1--36},
  url = {https://www.jstatsoft.org/v48/i02/}
}
 
@Article{MatchIt2011,
  title = {{MatchIt}: Nonparametric Preprocessing for Parametric Causal Inference},
  author = {Daniel E. Ho and Kosuke Imai and Gary King and Elizabeth A. Stuart},
  journal = {Journal of Statistical Software},
  year = {2011},
  volume = {42},
  number = {8},
  pages = {1--28},
  url = {https://www.jstatsoft.org/v42/i08/}
}

@misc{greifer2020cobalt,
  title={cobalt: covariate balance tables and plots. R package. Version 4.0. 0},
  author={Greifer, N},
  year={2020},
  url = {https://github.com/ngreifer/cobalt}
}

